@BOOK{Aub82,
	author = {Aubin, Thierry},
	title = {Nonlinear analysis on manifolds. {M}onge-{A}mp\`ere equations},
	series = {Grundlehren der Mathematischen Wissenschaften },
	volume = {252},
	publisher = {Springer-Verlag, New York},
	year = {1982},
	pages = {xii+204},
	mrclass = {58-02 (35J60 35N99 53-02 58G30)},
	mrnumber = {0681859},
	mrreviewer = {A. G. Ramm},
}
@ARTICLE{DS93,
	author = {Duzaar, Frank and Steffen, Klaus},
	title = {{$\lambda$} minimizing currents},
	journal = {Manuscripta Math.},
	fjournal = {Manuscripta Mathematica},
	volume = {80},
	year = {1993},
	number = {4},
	pages = {403--447},
	mrclass = {49Q15},
	mrnumber = {1243155},
}
@BOOK{EG15,
	author = {Evans, Lawrence C. and Gariepy, Ronald F.},
	title = {Measure theory and fine properties of functions},
	series = {Textbooks in Mathematics},
	edition = {Revised},
	publisher = {CRC Press, Boca Raton, FL},
	year = {2015},
	pages = {xiv+299},
	mrclass = {28-01},
	mrnumber = {3409135},
}
@BOOK{GT01,
	author = {Gilbarg, David and Trudinger, Neil S.},
	title = {Elliptic partial differential equations of second order},
	series = {Classics in Mathematics},
	note = {Reprint of the 1998 edition},
	publisher = {Springer-Verlag, Berlin},
	year = {2001},
	pages = {xiv+517},
	mrclass = {35-02 (35Jxx)},
	mrnumber = {1814364},
}
@BOOK{Giu84,
	author = {Giusti, Enrico},
	title = {Minimal surfaces and functions of bounded variation},
	series = {Monographs in Mathematics},
	volume = {80},
	publisher = {Birkh\"{a}user Verlag, Basel},
	year = {1984},
	pages = {xii+240},
	mrclass = {58E12 (49F10 53A10)},
	mrnumber = {0775682},
	mrreviewer = {Helmut Kaul},
}
@ARTICLE{MX20,
	author = {McGonagle, Matthew and Xiao, Ling},
	title = {Minimal {G}raphs and {G}raphical {M}ean {C}urvature {F}low in {$M^n\times \Bbb R$}},
	journal = {J. Geom. Anal.},
	fjournal = {Journal of Geometric Analysis},
	volume = {30},
	year = {2020},
	number = {2},
	pages = {2189--2224},
	mrclass = {53E10 (35K20 35K93 53A10)},
	mrnumber = {4081345},
}
@ARTICLE{Serrin69,
	author = {Serrin, J.},
	title = {The problem of {D}irichlet for quasilinear elliptic differential equations with many independent variables},
	journal = {Philos. Trans. Roy. Soc. London Ser. A},
	fjournal = {Philosophical Transactions of the Royal Society of London. Series A. Mathematical and Physical Sciences},
	volume = {264},
	year = {1969},
	pages = {413--496},
	mrclass = {35.47},
	mrnumber = {0282058},
	mrreviewer = {M. M. Schiffer},
}
@BOOK{Sim83,
	author = {Simon, Leon},
	title = {Lectures on geometric measure theory},
	series = {Proceedings of the Centre for Mathematical Analysis, Australian National University},
	volume = {3},
	publisher = {Australian National University, Centre for Mathematical Analysis, Canberra},
	year = {1983},
	pages = {vii+272},
	mrclass = {49-01 (28A75 49F20)},
	mrnumber = {0756417},
	mrreviewer = {J. S. Joel},
}
@ARTICLE{Tam82,
	author = {Tamanini, Italo},
	title = {Boundaries of {C}accioppoli sets with {H}\"{o}lder-continuous normal vector},
	journal = {J. Reine Angew. Math.},
	fjournal = {Journal f\"{u}r die Reine und Angewandte Mathematik. [Crelle's Journal]},
	volume = {334},
	year = {1982},
	pages = {27--39},
	mrclass = {49F22},
	mrnumber = {0667448},
	mrreviewer = {Klaus Steffen},
}
@ARTICLE{Zhou18b,
	author = {Zhou, Hengyu},
	title = {Nonparametric mean curvature type flows of graphs with contact angle conditions},
	journal = {Int. Math. Res. Not. IMRN},
	fjournal = {International Mathematics Research Notices. IMRN},
	year = {2018},
	number = {19},
	pages = {6026--6069},
	mrclass = {53C44 (35K93 35R01)},
	mrnumber = {3867401},
	mrreviewer = {Keisuke Takasao},
}
@misc{Zhou19,
	author={Zhou,Hengyu},
	title={Generalized solutions to the Dirichlet problem of translating mean curvature equations.},
	year={2019},
	Eprint={ arXiv:1902.01512},
}


@article {AC06,
	AUTHOR = {Athanassenas, Maria and Clutterbuck, Julie},
	TITLE = {A capillarity problem for compressible liquids},
	JOURNAL = {Pacific J. Math.},
	FJOURNAL = {Pacific Journal of Mathematics},
	VOLUME = {243},
	YEAR = {2009},
	NUMBER = {2},
	PAGES = {213--232},
}

@article {Giu76,
	AUTHOR = {Giusti, Enrico},
	TITLE = {Boundary value problems for non-parametric surfaces of
		  prescribed mean curvature},
	JOURNAL = {Ann. Scuola Norm. Sup. Pisa Cl. Sci. (4)},
	FJOURNAL = {Annali della Scuola Normale Superiore di Pisa. Classe di
			 Scienze. Serie IV},
	VOLUME = {3},
	YEAR = {1976},
	NUMBER = {3},
	PAGES = {501--548},
	ISSN = {0391-173X},
}
@article {Gerhardt74,
	AUTHOR = {Gerhardt, Claus},
	TITLE = {Existence, regularity, and boundary behavior of generalized
		  surfaces of prescribed mean curvature},
	JOURNAL = {Math. Z.},
	FJOURNAL = {Mathematische Zeitschrift},
	VOLUME = {139},
	YEAR = {1974},
	PAGES = {173--198},
	ISSN = {0025-5874},
	MRCLASS = {35J65},
}
@article {Gerhardt73,
	AUTHOR = {Gerhardt, Claus},
	TITLE = {Hypersurfaces of prescribed mean curvature over obstacles},
	JOURNAL = {Math. Z.},
	FJOURNAL = {Mathematische Zeitschrift},
	VOLUME = {133},
	YEAR = {1973},
	PAGES = {169--185},
	ISSN = {0025-5874},
	MRCLASS = {49F10 (35J60)},
}
@article {Gia74,
	AUTHOR = {Giaquinta, Mariano},
	TITLE = {On the {D}irichlet problem for surfaces of prescribed mean
		  curvature},
	JOURNAL = {Manuscripta Math.},
	FJOURNAL = {Manuscripta Mathematica},
	VOLUME = {12},
	YEAR = {1974},
	PAGES = {73--86},
	ISSN = {0025-2611},
	MRCLASS = {49F22},
	MRNUMBER = {336532},
}

@article {Mir74,
	AUTHOR = {Miranda, Mario},
	TITLE = {Dirichlet problem with {$L^{1}$} data for the
		  non-homogeneous minimal surface equation},
	JOURNAL = {Indiana Univ. Math. J.},
	FJOURNAL = {Indiana University Mathematics Journal},
	VOLUME = {24},
	YEAR = {1974/75},
	PAGES = {227--241},
	ISSN = {0022-2518},
	MRCLASS = {35J20 (49F10)},
	MRNUMBER = {352682},
}
@article {CL08,
    AUTHOR = {Caminha, A. and de Lima, H. F.},
     TITLE = {Complete vertical graphs with constant mean curvature in
              semi-{R}iemannian warped products},
   JOURNAL = {Bull. Belg. Math. Soc. Simon Stevin},
  FJOURNAL = {Bulletin of the Belgian Mathematical Society. Simon Stevin},
    VOLUME = {16},
      YEAR = {2009},
    NUMBER = {1},
     PAGES = {91--105},
      ISSN = {1370-1444},
  MRNUMBER = {2498961},
MRREVIEWER = {Alma Luisa Albujer Brotons},
}
@misc{AE09,
    title={Existence Serrin type results for the Dirichlet problem for the prescribed mean curvature equation in Riemannian manifolds},
    author={Yunelsy N. Alvarez and Ricardo Sa Earp},
    year={2019},
    eprint={1902.10774},
    archivePrefix={arXiv},
    primaryClass={math.DG}
}
@article {CCOP16,
    AUTHOR = {Corsato, Chiara and De Coster, Colette and Omari, Pierpaolo},
     TITLE = {The {D}irichlet problem for a prescribed anisotropic mean curvature equation: existence, uniqueness and regularity of solutions},
   JOURNAL = {J. Differential Equations},
  FJOURNAL = {Journal of Differential Equations},
    VOLUME = {260},
      YEAR = {2016},
    NUMBER = {5},
     PAGES = {4572--4618},
      ISSN = {0022-0396},
   MRCLASS = {35J93 (35B09 35B51 35B65 35J20 35J25 35Q35)},
  MRNUMBER = {3437598},
}

@misc{GZ20a,
    title={The area minimizing problem in conformal cones},
    author={Qiang Gao and Hengyu Zhou},
    year={2020},
    eprint={2001.06207},
    archivePrefix={arXiv},
    primaryClass={math.DG}
}
@article{Sim76,
	AUTHOR = {Simon, Leon},
	TITLE = {Boundary regularity for solutions of the non-parametric least area problem},
	JOURNAL = {Ann. of Math. (2)},
	FJOURNAL = {Annals of Mathematics. Second Series},
	VOLUME = {103},
	YEAR = {1976},
	NUMBER = {3},
	PAGES = {429--455},
	ISSN = {0003-486X},
	MRCLASS = {49F10 (35J67)},
	MRNUMBER = {638358},
	MRREVIEWER = {H. Beckert},
}

@incollection {Taka84,
    AUTHOR = {Takakuwa, Sh{o}ichir{o}},
     TITLE = {A variational approach to the boundary value problem for
              hypersurfaces with prescribed mean curvature},
 BOOKTITLE = {Differential geometry of submanifolds ({K}yoto, 1984)},
    SERIES = {Lecture Notes in Math.},
    VOLUME = {1090},
     PAGES = {50--63},
 PUBLISHER = {Springer, Berlin},
      YEAR = {1984},
   MRCLASS = {58E15 (49F10 53A10 58G20)},
  MRNUMBER = {775144},
}



@article {CHHL19,
    AUTHOR = {Casteras, Jean-Baptiste and Heinonen, Esko and Holopainen,
              Ilkka and Lira, Jorge},
     TITLE = {Asymptotic {D}irichlet problems in warped products},
   JOURNAL = {Math. Z.},
  FJOURNAL = {Mathematische Zeitschrift},
    VOLUME = {295},
      YEAR = {2020},
    NUMBER = {1-2},
     PAGES = {211--248},
      ISSN = {0025-5874},
   MRCLASS = {58J32 (53C21)},
  MRNUMBER = {4100011},
}
@article {CHHL19,
    AUTHOR = {Casteras, Jean-Baptiste and Heinonen, Esko and Holopainen,
              Ilkka and Lira, Jorge},
     TITLE = {Asymptotic {D}irichlet problems in warped products},
   JOURNAL = {Math. Z.},
  FJOURNAL = {Mathematische Zeitschrift},
    VOLUME = {295},
      YEAR = {2020},
    NUMBER = {1-2},
     PAGES = {211--248},
      ISSN = {0025-5874},
   MRCLASS = {58J32 (53C21)},
  MRNUMBER = {4100011},
}
@book {RT18,
    AUTHOR = {Ripoll, Jaime and Tomi, Friedrich},
     TITLE = {Notes on the {D}irichlet problem of a class of second order
              elliptic partial differential equations on a {R}iemannian
              manifold},
    SERIES = {Ensaios Matem\'{a}ticos [Mathematical Surveys]},
    VOLUME = {32},
 PUBLISHER = {Sociedade Brasileira de Matem\'{a}tica, Rio de Janeiro},
      YEAR = {2018},
     PAGES = {64},
      ISBN = {978-85-8337-146-5},
   MRCLASS = {58J05 (35R01 53C21)},
  MRNUMBER = {3931318},
MRREVIEWER = {Man Chun Leung},
}
@article {LBRM20,
    AUTHOR = {Bonorino, Leonardo and Casteras, Jean-Baptiste and Klaser,
              Patricia and Ripoll, Jaime and Telichevesky, Miriam},
     TITLE = {On the asymptotic {D}irichlet problem for a class of mean
              curvature type partial differential equations},
   JOURNAL = {Calc. Var. Partial Differential Equations},
  FJOURNAL = {Calculus of Variations and Partial Differential Equations},
    VOLUME = {59},
      YEAR = {2020},
    NUMBER = {4},
     PAGES = {135},
      ISSN = {0944-2669},
   MRCLASS = {58J05 (35J93 58J32)},
  MRNUMBER = {4127405},
}	
@article {Tru73,
	AUTHOR = {Trudinger, Neil S.},
	TITLE = {Gradient estimates and mean curvature},
	JOURNAL = {Math. Z.},
	FJOURNAL = {Mathematische Zeitschrift},
	VOLUME = {131},
	YEAR = {1973},
	PAGES = {165--175},
	ISSN = {0025-5874},
	MRCLASS = {35B45},
	MRNUMBER = {324187},
	MRREVIEWER = {H. Beckert},
}
@article {Spruck07,
    AUTHOR = {Spruck, Joel},
     TITLE = {Interior gradient estimates and existence theorems for
              constant mean curvature graphs in {$M^n\times\bold R$}},
   JOURNAL = {Pure Appl. Math. Q.},
  FJOURNAL = {Pure and Applied Mathematics Quarterly},
    VOLUME = {3},
      YEAR = {2007},
    NUMBER = {3, Special Issue: In honor of Leon Simon. Part 2},
     PAGES = {785--800},
      ISSN = {1558-8599},
   MRCLASS = {58E12 (53C42)},
  MRNUMBER = {2351645},
MRREVIEWER = {Jos\'{e} Antonio G\'{a}lvez},
}

@misc{Alvarez2019pde,
  title={PDE and hypersurfaces with prescribed mean curvature},
  author={Alvarez, Yunelsy N},
  Eprint={arXiv:1911.12679},
  year={2019}
}

@book {Nit1,
    AUTHOR = {Nitsche, Johannes C. C.},
     TITLE = {Lectures on minimal surfaces. {V}ol. 1},
      NOTE = {Introduction, fundamentals, geometry and basic boundary value
              problems,
              Translated from the German by Jerry M. Feinberg,
              With a German foreword},
 PUBLISHER = {Cambridge University Press, Cambridge},
      YEAR = {1989},
     PAGES = {xxvi+563},
      ISBN = {0-521-24427-7},
   MRCLASS = {49F10 (53A10 58E12)},
  MRNUMBER = {1015936},
MRREVIEWER = {Harold Parks},
}

@book {Meg,
    AUTHOR = {Megginson, Robert E.},
     TITLE = {An introduction to {B}anach space theory},
    SERIES = {Graduate Texts in Mathematics},
    VOLUME = {183},
 PUBLISHER = {Springer-Verlag, New York},
      YEAR = {1998},
     PAGES = {xx+596},
      ISBN = {0-387-98431-3},
   MRCLASS = {46-01 (46Bxx 47-01)},
  MRNUMBER = {1650235},
MRREVIEWER = {Ehrhard Behrends},
       DOI = {10.1007/978-1-4612-0603-3},
       URL = {https://doi.org/10.1007/978-1-4612-0603-3},
}

@book {Kra,
    AUTHOR = {Farkas, Hershel M. and Kra, Irwin},
     TITLE = {Riemann surfaces},
    SERIES = {Graduate Texts in Mathematics},
    VOLUME = {71},
 PUBLISHER = {Springer-Verlag, New York-Berlin},
      YEAR = {1980},
     PAGES = {xi+337},
      ISBN = {0-387-90465-4},
   MRCLASS = {30Fxx (14-01)},
  MRNUMBER = {583745},
MRREVIEWER = {M. Herv\'{e}},
}

@book {lee,
    AUTHOR = {Lee, John M.},
     TITLE = {Introduction to {R}iemannian manifolds},
    SERIES = {Graduate Texts in Mathematics},
    VOLUME = {176},
      NOTE = {Second edition of [ MR1468735]},
 PUBLISHER = {Springer, Cham},
      YEAR = {2018},
     PAGES = {xiii+437},
      ISBN = {978-3-319-91754-2; 978-3-319-91755-9},
   MRCLASS = {53-01 (53B20 53B30 53C20 53C21)},
  MRNUMBER = {3887684},
MRREVIEWER = {Robert J. Low},
}

@article {White,
    AUTHOR = {White, Brian},
     TITLE = {Correction to: ``{C}omplete surfaces of finite total
              curvature'' [{J}. {D}ifferential {G}eom. {\bf 26} (1987), no.
              2, 315--326; {MR}0906393 (88m:53020)]},
   JOURNAL = {J. Differential Geom.},
  FJOURNAL = {Journal of Differential Geometry},
    VOLUME = {28},
      YEAR = {1988},
    NUMBER = {2},
     PAGES = {359--360},
      ISSN = {0022-040X},
   MRCLASS = {53A10 (53A07)},
  MRNUMBER = {961520},
       URL = {http://projecteuclid.org/euclid.jdg/1214442284},
}

@article{Perez,
  author          = {Perez},
  title           = {Minimal and constant mean curvature surfaces},
}
@article {WorkofDouglas,
    AUTHOR = {Gray, Jeremy and Micallef, Mario},
     TITLE = {About the cover: the work of {J}esse {D}ouglas on minimal
              surfaces},
   JOURNAL = {Bull. Amer. Math. Soc. (N.S.)},
  FJOURNAL = {American Mathematical Society. Bulletin. New Series},
    VOLUME = {45},
      YEAR = {2008},
    NUMBER = {2},
     PAGES = {293--302},
      ISSN = {0273-0979},
   MRCLASS = {53A10 (01A60 49-03 49Q05 53-03)},
  MRNUMBER = {2383307},
MRREVIEWER = {Fei-Tsen Liang},
       DOI = {10.1090/S0273-0979-08-01192-0},
       URL = {https://doi.org/10.1090/S0273-0979-08-01192-0},
}
